@book{knuth:84,
  author    = {Donald E. Knuth},
  title     = {The {\TeX} Book},
  publisher = {Addison-Wesley},
  year      = {1984},
  edition   = {15th}
}

@incollection{boulic:91,
  author    = {R. Boulic and O. Renault},
  title     = {3D Hierarchies for Animation},
  booktitle = {New Trends in Animation and Visualization},
  publisher = {John Wiley {\&} Sons ltd.},
  year      = {1991},
  editor    = {Nadia Magnenat-Thalmann and Daniel Thalmann}
}

@incollection{smith:99,
  author    = {A. Smith and B. Jones},
  title     = {On the Complexity of Computing},
  booktitle = {Advances in Computer Science},
  pages     = {555--566},
  publisher = {Publishing Press},
  year      = {1999},
  editor    = {A. B. Smith-Jones}
}

@misc{SANDROJUCA,
  author       = {Sandro Cesar Silveira Juca},
  title        = {1º C.I.T.E. - PRODUTOS EDUCACIONAIS APLICADOS NO ENSINO DE CIÊNCIAS E ENGENHARIAS},
  year         = {2021},
  note         = {Acessado em: 22 de ago de 2022},
  howpublished = {\url{https://www.youtube.com/watch?v=rVjpUpxN2KY}}
}
